<?xml version="1.0" encoding="UTF-8"?><collection xmlns="http://www.loc.gov/MARC21/slim"><record><leader>00490nam--2200145-i-4500</leader><controlfield tag="001">000006383</controlfield><controlfield tag="002">20161230</controlfield><controlfield tag="005">20161230201026</controlfield><controlfield tag="008">060222s1000------------r-----000-0-eng-d</controlfield><datafield ind1=" " ind2=" " tag="080"><subfield code="a">669.296</subfield></datafield><datafield ind1=" " ind2=" " tag="100"><subfield code="a">Almagro  Hueeertas, V.Saenz De Dejada  Gonza Lez, L. Y Lopez Rodriguez, M</subfield></datafield><datafield ind1=" " ind2=" " tag="245"><subfield code="a">Estudios encaminados a la carburacion del circon como etapa intermedia en la obten cion de circonic</subfield></datafield><datafield ind1=" " ind2=" " tag="260"><subfield code="a">Madrid, Junta De Energia Nuclear, 1963 23 P</subfield></datafield><datafield ind1=" " ind2=" " tag="490"><subfield code="a">Ll6 Dme/I Ii</subfield></datafield><datafield ind1=" " ind2=" " tag="852"><subfield code="a">L3754</subfield></datafield></record></collection>